@article{vendler1957verbs,
  author = {Vendler, Zeno},
  title = {Verbs and times},
  journal = {The Philosophical Review},
  volume = {66},
  number = {2},
  pages = {143--160},
  year = {1957},
}

@book{filip1999aspect,
  author = {Filip, Hana},
  title = {Aspect, eventuality types, and nominal reference},
  publisher = {Garland},
  year = {1999},
}

@incollection{rothstein2004structuring,
  author = {Rothstein, Susan},
  title = {Structuring events: A study in the semantics of lexical aspect},
  booktitle = {The Handbook of Contemporary Semantic Theory},
  editor = {Lappin, Shalom},
  pages = {311--334},
  publisher = {Wiley-Blackwell},
  year = {2004},
}

@incollection{krifka1992thematic,
  author = {Krifka, Manfred},
  title = {Thematic relations as links between nominal reference and temporal constitution},
  booktitle = {Semantics from Different Points of View},
  editor = {Bartsch, Renate and van Benthem, Johan and van Emde Boas, Peter},
  pages = {69--110},
  publisher = {Springer},
  year = {1992},
}

@article{allen1984towards,
  title={Towards a general theory of action and time},
  author={Allen, James F},
  journal={Artificial intelligence},
  volume={23},
  number={2},
  pages={123--154},
  year={1984},
  publisher={Elsevier}
}

@article{shoham1988temporal,
  title={Temporal logics in AI: Semantical and ontological considerations},
  author={Shoham, Yoav},
  journal={Artificial intelligence},
  volume={35},
  number={2},
  pages={221--242},
  year={1988},
  publisher={Elsevier}
}

  @article{galton2004,
  title={A Critical Examination of Allen's Theory of Action and Time},
  author={Galton, Antony},
  journal={Journal of Philosophical Logic},
  volume={33},
  number={2},
  pages={153--178},
  year={2004},
  publisher={Springer}
}

